=LDR  02478cas a2200613 i 4500
=001  016687037
=003  Uk
=005  20170920142920.0
=006  m\\\\\\\\d\|\\\\\\
=007  cr\|||||||||||
=008  140414c20149999enkqr\p\o\\\\\0\\\a0eng\\
=FMT  \\$a  SE
=015  \\$aGBB6D9883$2bnb
=022  0\$a2055-9143$202
=037  \\$a???$bBusiness Monitor International
=040  \\$aUk$beng$cUk$erda
=042  \\$aissnuk$aukblsr
=082  04$a381.094371$223
=222  \0$aCzech Republic logistics risk report
=245  00$aCzech Republic logistics risk report :$bincludes the BMI operational risk report /$cBusiness Monitor International.
=264  \1$aLondon :$bBusiness Monitor International,$c[2014]-
=300  \\$billustrations (black and white).
=310  \\$aQuarterly
=336  \\$atext$2rdacontent
=337  \\$acomputer$2rdamedia
=338  \\$aonline resource$2rdacarrier
=362  1\$aBegan in 2014.
=490  0\$aIndustry report & ratings series
=588  \\$aDescription based on: Q3 (2014); title from PDF (supplied by publisher, viewed October 11, 2016).
=540  \\$aCurrent Copyright Fee: GBP100.00$c0$5Uk
=650  \0$aBusiness logistics$zCzech Republic$vPeriodicals.
=650  \0$aBusiness logistics$zCzech Republic$vStatistics$vPeriodicals.
=650  \0$aRussia Infrastructure (Economics)$zCzech Republic$vPeriodicals.
=650  \0$aInfrastructure (Economics)$zCzech Republic$vStatistics$vPeriodicals.
=650  \0$aRisk$zCzech Republic$vPeriodicals.
=651  \0$aCzech Republic$xCommerce$vPeriodicals.
=690  7\$aManagement and Business Studies$2blcoll
=710  2\$aBusiness Monitor International,$eissuing body.
=856  4\$uhttp://www.bmiresearch.com/$zTo subscribe
=859  \\$aELD$bejournal
=852  41$aBritish Library$bHMNTS$jEELD Digital store
=CAT  \\$aWR14_040$b00$c20140414$lBLL01$h0820
=CAT  \\$a11313$b40$c20140425$lBLL01$h0955
=CAT  \\$aBATCH-CLA$b00$c20150828$lBLL01$h1542
=CAT  \\$aIPL-CLA$c20150930$lBLL01$h1851
=CAT  \\$a5997$b40$c20161011$lBLL01$h1105
=CAT  \\$a5997$b40$c20161011$lBLL01$h1112
=CAT  \\$a8037$b40$c20170920$lBLL01$h1429
=CAT  \\$aBATCH-MBS$c20170929$lBLL01$h2138
=CAT  \\$aW1711-1005$c20171206$lBLL01$h1827
=CFI  0\$aCurrent Copyright Fee: GBP100.00$c0$e01-oct-2015$fGBP100.00$g0$hC$5Uk
=FIN  \\$aY$d20161011
=LET  \0$aCzech Republic logistics risk report (Electronic)
=LAS  \\$aW1711-1005$b00$c20171206$lBLL01$h1827

