=LDR  01690cas a2200481 i 4500
=001  016888461
=003  Uk
=005  20171025111335.0
=006  m\\\\\\\\d\|\\\\\\
=007  cr||||||||||||
=008  141009c20149999enkar\\\o\s\\\0\\\a0eng\\
=FMT  \\$a  SE
=015  \\$aGBB6E9787$2bnb
=022  0\$a2057-0724$202
=037  \\$a???$bBusiness Monitor International
=040  \\$aUk$beng$cUk$erda
=042  \\$aissnuk$aukblsr
=082  04$a338.4736897$223
=222  \0$aAmericas insurance market forecasts to ...
=245  00$aAmericas insurance market forecasts to ...
=264  \1$aLondon :$bBusiness Monitor International,$c2014-
=310  \\$aAnnual
=336  \\$atext$2rdacontent
=337  \\$acomputer$2rdamedia
=338  \\$aonline resource$2rdacarrier
=362  0\$a2019-
=500  \\$aTitle from PDF cover (PDF supplied by publisher, viewed October 31, 2016).
=515  \\$aDate of issue indicates end of forecasting period covered.
=650  \0$aInsurance$zAmerica$vPeriodicals.
=650  \0$aInsurance$zAmerica$xForecasting$vPeriodicals.
=650  \0$aMarket surveys$vPeriodicals.
=690  7\$aManagement and Business Studies$2blcoll
=710  2\$aBusiness Monitor International,$eissuing body.
=856  40$uhttp://www.businessmonitor.com$zTo subscribe
=859  \\$aELD$bejournal
=852  41$aBritish Library$bHMNTS$jEELD Digital store
=CAT  \\$a11313$b40$c20141009$lBLL01$h1428
=CAT  \\$a5110$b40$c20161108$lBLL01$h1345
=CAT  \\$a8037$b40$c20171025$lBLL01$h1113
=CAT  \\$aBATCH-MBS$c20171103$lBLL01$h2124
=CAT  \\$aW1711-1005$c20171205$lBLL01$h2212
=FIN  \\$aY$d20161108
=LAS  \\$aW1711-1005$b00$c20171205$lBLL01$h2212

